@article{cammi2011multi,
  title={A multi-physics modelling approach to the dynamics of Molten Salt Reactors},
  author={Cammi, Antonio and Di Marcello, Valentino and Luzzi, Lelio and Memoli, Vito and Ricotti, Marco Enrico},
  journal={Annals of Nuclear Energy},
  volume={38},
  number={6},
  pages={1356--1372},
  year={2011},
  publisher={Elsevier}
}

@techreport{robertson1971conceptual,
  title={CONCEPTUAL DESIGN STUDY OF A SINGLE-FLUID MOLTEN-SALT BREEDER REACTOR.},
  author={Robertson, Roy C},
  year={1971},
  institution={comp.; Oak Ridge National Lab., Tenn.}
}
