@misc{ wiki:Molten_salt_reactor,
   author = "Wikipedia",
   title = "Molten salt reactor",
   year = "2016",
   howpublished =
                  {\url{http://en.wikipedia.org/w/index.php?title=Molten%20salt%20reactor&oldid=737786911}},
   note = "Online; accessed 07-September-2016"
 }
